<record><leader>00000cas a22000007a 4500</leader><controlfield tag="001">15719294</controlfield><controlfield tag="008">870521d19181920inudn ne      0    0eng d</controlfield><datafield ind1=" " ind2=" " tag="010"><subfield code="a">sn 87055942 </subfield></datafield><datafield ind1=" " ind2=" " tag="040"><subfield code="a">NPI</subfield><subfield code="b">eng</subfield><subfield code="c">NPI</subfield><subfield code="d">OCLCQ</subfield></datafield><datafield ind1=" " ind2=" " tag="042"><subfield code="a">msc</subfield></datafield><datafield ind1="0" ind2=" " tag="130"><subfield code="a">Elkhart review (Elkhart, Ind. : Daily : 1918)</subfield></datafield><datafield ind1="1" ind2="4" tag="245"><subfield code="a">The Elkhart review.</subfield></datafield><datafield ind1=" " ind2=" " tag="260"><subfield code="a">Elkhart, Ind. :</subfield><subfield code="b">O.P. Bassett,</subfield><subfield code="c">1918-1920.</subfield></datafield><datafield ind1=" " ind2=" " tag="310"><subfield code="a">Daily (except Sun.)</subfield></datafield><datafield ind1="0" ind2=" " tag="362"><subfield code="a">47th year, no. 71 (Dec. 13, 1918)-48th year, no. 212 (May 21, 1920).</subfield></datafield><datafield ind1=" " ind2=" " tag="752"><subfield code="a">United States</subfield><subfield code="b">Indiana</subfield><subfield code="c">Elkhart</subfield><subfield code="d">Elkhart.</subfield></datafield><datafield ind1="0" ind2="0" tag="780"><subfield code="t">Elkhart daily review</subfield><subfield code="w">(DLC)sn 87055941</subfield></datafield><datafield ind1="0" ind2="4" tag="785"><subfield code="t">Elkhart truth</subfield><subfield code="w">(DLC)sn 82015354</subfield></datafield></record>